2744 4536
239 327 249 355 ,
342 228 418 311 '·
518 256 815 337 crurum.
1052 283 1128 363 ,95
1237 332 1247 343 .

131 530 134 541 Δ
190 444 370 548 iitlamque,
385 444 471 548 'qqae
482 443 834 547 contrabrundifiuum
850 446 1127 549 portumcd,·oo·

192 558 339 651 cupauit3
364 548 457 650 quod
471 549 629 652 praedare
642 553 860 636 arbitrabatur,
884 553 1128 641 vuumlocum,
1194 594 1196 601 v

191 682 255 757 qua
269 652 459 728 necessarior
474 653 591 728 nostrie
605 674 671 728 erat
685 646 838 754 egreffur,
857 682 957 755 quam
972 664 1150 734 omnium·
1362 732 1365 753 ,

189 758 289 837 litora
302 786 340 831 ac
354 777 466 857 portua
479 756 624 833 custodia
639 753 764 832 clausor
778 765 893 832 teneri.
935 765 1127 860 Hic-repen·
1230 836 1243 855 ‚

189 868 264 937 tino
276 858 422 935 aduentu
430 884 527 936 nauca
542 869 705 936 onerarias
721 860 875 963 quasdam
891 858 1001 937 uadur
1015 869 1127 941 incon·
1160 862 1170 899 ²
1235 892 1242 907 ·

160 976 165 981 '
192 961 252 1051 dit',
276 984 308 1037 et
325 986 422 1039 unam
438 959 608 1039 frumento
623 964 774 1039 onustam
788 962 932 1052 abduxit,
954 991 1128 1066 magnum-

169 1154 173 1161 .
215 1094 257 1142 ne
271 1062 387 1141 nossris
409 1088 568 1143 terrorem
586 1070 715 1154 iniecit,
729 1090 773 1145 ¹et
788 1068 890 1167 qodu
911 1069 1071 1143 militibus
1094 1088 1128 1144 et

191 1096 358 1270 sagittariis
375 1178 411 1244 in
428 1190 547 1249 terram
571 1169 741 1271 expositis,
758 1170 955 1271 praesidium
978 1177 1126 1274 equitum

191 1273 324 1361 deiecit,
348 1274 557 1349 etadeoloci
581 1274 824 1376 opportunitate
837 1271 996 1374 profecit,
1021 1283 1068 1350 vti
1082 1272 1126 1351 ad

191 1382 273 1456 Pom
320 1383 389 1452 inm
403 1377 520 1453 litteras
538 1384 699 1464 mitteret,
721 1404 820 1483 naues
841 1378 997 1480 reliquas,
1018 1377 1125 1454 sivet-

80 1522 87 1539 ι
167 1482 173 1501 “
189 1481 251 1567 let,
286 1479 402 1555 obduci
418 1503 450 1555 et
464 1481 556 1557 refici
573 1484 713 1556 iuberet:
737 1479 793 1557 sua
809 1480 1038 1559 classe'auitilia
1057 1479 1124 1557 sese

189 1584 333 1661 Caesaris
349 1586 604 1687 prohibiturum.

269 1725 347 1818 Erat
365 1746 406 1795 co
420 1741 571 1822 temporo
586 1728 748 1797 Antonius
760 1714 941 1805 Brundisii,
966 1723 1043 1822 qui,
1061 1724 1123 1796 vir·
1147 1742 1271 1819 Χχῃῃ
1303 1732 1312 1743 ‘

188 1831 247 1898 tuti
269 1824 416 1898 rnilitum
440 1820 601 1909 confisus,
626 1822 757 1926 scaphae
775 1830 911 1899 nauium
927 1850 1124 1925 magnarum

191 1934 322 2003 circiter
342 1920 504 2027 sexaginta
527 1930 663 2003 cratibus
706 1929 862 2029 luteisque
882 1935 1046 2013 contexit,
1069 1956 1124 2002 eo·

188 2058 254 2132 quc
269 2031 390 2105 militer
412 2031 556 2105 desedios
577 1956 752 2133 impossrit,
782 2051 876 2132 atque
896 2054 946 2105 eae
971 2038 1005 2107 in
1025 2033 1123 2107 litore

67 2184 82 2199 ‚
184 2134 329 2235 pluribus
350 2135 433 2208 socie
454 2131 623 2233 separatim
645 2128 818 2235 disposuit,
850 2160 1011 2237 nauesque
1032 2143 1123 2208 trire-

186 2264 257 2312 mer
279 2233 375 2323 duas,
400 2264 475 2338 quaa
492 2235 654 2312 Brundisii
676 2234 840 2312 faciendae
863 2259 1045 2323 cnrauerat,
1063 2266 1124 2337 per
1229 2262 1236 2281 '

187 2337 326 2415 caussam
350 2339 607 2441 exercendorum
629 2347 791 2440 remigum
815 2336 857 2412 ad
876 2335 985 2413 saucea
1008 2367 1139 2442 portur¹

184 2442 319 2546 prodire
334 2441 426 2519 iuffrt.
478 2448 547 2517 Har
568 2468 646 2518 cum
667 2442 815 2518 audacius
835 2438 1014 2545 progressas
1038 2447 1122 2519 Libo

76 2598 87 2623 ,
188 2544 334 2634 vidisset,
348 2538 478 2647 speram
493 2554 645 2648 intercipi
660 2545 768 2649 posse,
788 2544 1010 2647 quadriremes
1031 2555 1122 2648 quin.

135 2742 143 2751 x
187 2648 307 2753 que‘ad
321 2677 371 2724 ear
389 2648 485 2725 misit.
537 2655 629 2750 Quae
645 2678 749 2753 qutun
772 2652 907 2724 nauibur
928 2651 1045 2726 uosltir
1066 2648 1122 2725 ad·

110 2740 147 2805 '⁸
184 2751 468 2857 propinquassent,
495 2756 594 2830 nosiri
611 2759 754 2829 veterani
776 2760 811 2830 in
825 2770 960 2853 portum
982 2748 1122 2854 refugio·

186 2861 280 2933 bant:
315 2858 385 2943 isli,
411 2854 520 2932 dudio
541 2864 685 2942 incitati,
718 2862 872 2931 incautius
900 2851 1121 2957 sequebantur.

186 2950 256 3037 laur
274 2987 314 3036 ex
328 2962 484 3035 omuibus
498 2964 641 3063 partibus
648 2959 754 3035 subito
761 2964 967 3033 Antonianae
975 2954 1122 3059 scaphae,

184 3060 279 3165 signo
298 3062 394 3149 dato,
424 3060 459 3139 se
481 3071 517 3137 in
537 3064 647 3139 hosier
670 3070 903 3147 incitauerunt,
943 3065 1121 3162 primoque

170 3174 311 3268 -irnpeto
328 3194 428 3243 ruam
451 3192 491 3241 ex
508 3173 561 3242 hir
581 3166 823 3270 quadriremem
844 3190 922 3237 cum
941 3168 1121 3266 remigibui
1144 3251 1147 3255 ,

129 3318 133 3333 ·
184 3267 476 3370 defensoribusque
496 3266 560 3344 suit
578 3290 751 3373 ceperunt,
771 3266 908 3367 reliquas
922 3274 1056 3367 turpiter
1074 3296 1120 3341 re·

183 3369 299 3479 sugere
321 3393 506 3475 coegerunt.
558 3372 611 3447 Ad
637 3380 704 3450 hoc
726 3370 961 3447 detrimentum
982 3368 1120 3457 acceffit,

183 3499 238 3566 vt,
258 3478 421 3580 equitibus
436 3504 494 3580 per
508 3485 819 3575 oram'maritirnam
836 3474 876 3550 ab
891 3479 1042 3551 Antonio
1056 3472 1119 3548 dir·
1190 3560 1202 3577 ,

997 3574 1121 3679 positia,

224 3744 635 3817 mmrinmlr‘tornlmmo,om·'
660 3787 665 3803 ·
711 3741 856 3809 Artatus.
901 3746 1118 3811 ridPiurarcb.

122 3842 127 3859 ’
183 3831 246 3902 nia,
262 3838 415 3896 viiamrlii
424 3846 610 3896 monuerunt.
667 3833 700 3893 in
716 3835 799 3895 huius
812 3834 874 3893 rita
886 3855 913 3893 c.
928 3854 956 3908 7.
977 3836 1036 3894 Dio
1048 3830 1119 3894 carr.

166 3922 175 3939 ¹
224 3919 322 3977 terreri.
391 3923 504 3998 Optimi
548 3921 633 3981 codd.
667 3940 719 3995 41,
737 3930 787 3992 48.
838 3920 894 3977 Sed
919 3936 1032 3981 rantum
1053 3920 1119 3981 etti·

177 4001 265 4093 leucri.
306 4009 395 4069 Bene.
668 4021 773 4084 gerunt
786 4024 865 4071 rem,
947 4078 951 4085 .
