2754 4530
273 265 349 363 aas
478 266 549 342 ua
596 263 769 343 usuro
813 263 985 341 emur

273 451 397 533 salibus
409 418 622 549 Dyrrbaebio
636 447 800 537 remitis,
819 479 903 554 quae
920 458 1068 552 priorem
1084 470 1217 558 partem

276 566 435 637 exercitus
446 583 490 632 eo
503 553 761 657 deportauerant‚
781 555 990 631 Brundisium
1001 579 1216 637 reuertuntur.

229 748 237 757 ³
274 668 469 763 Pompeius,
496 657 565 734 fiue
584 661 735 760 operibus
754 656 899 735 Caesaris
926 684 1116 761 permoms‚
1144 661 1216 740 fiue

216 786 229 813 ·
277 774 377 842 etiam
398 763 488 869 quod
510 764 550 838 ab
571 769 669 839 initio
692 764 782 841 Italia
807 760 962 839 excedere
991 765 1216 854 constituerat,

276 867 421 946 aduentu
438 874 574 944 nauium
599 864 842 969 profcdiionem
867 894 978 969 parare
1004 874 1071 943 itaci
1099 876 1136 943 ἰε
1170 892 1214 957 et,

277 998 347 1079 quo
362 969 489 1047 facilius
501 977 671 1072 impetum.
679 968 825 1047 Caesaris
839 970 988 1061 tardaret,
1014 1000 1057 1066 pe
1070 897 1127 1048 bib
1143 969 1213 1074 ipsa

276 1073 490 1181 profedlione
510 1076 631 1150 milites
652 1073 817 1178 oppidum
841 1082 1081 1178 irrumperent,
1107 1100 1215 1179 portas
1282 1132 1285 1145 .

277 1180 546 1268 obstruit,·vicos
568 1179 747 1280 plateasque
770 1176 974 1267 inaedificat,
997 1174 1096 1275 lotias
1116 1204 1224 1259 trans.

277 1283 382 1362 versas
398 1290 460 1358 viis
477 1281 651 1386 praeducit,
662 1303 757 1383 atque
770 1283 816 1357 ibi
831 1278 923 1359 sudes
933 1283 1116 1387 stipitesque
1126 1311 1222 1387 prae·

276 1409 387 1467 acutos
400 1386 525 1488 deligit.
575 1391 670 1462 Haec
689 1387 816 1462 leuibus
835 1389 973 1462 cratibus
997 1408 1145 1491 terraque
1164 1396 1215 1465 ia·

20 1544 22 1553 =
138 1496 143 1505 ’
277 1517 410 1596 aequata
432 1489 659 1566 aditurautem
673 1513 770 1592 atque
784 1497 899 1566 itinera
917 1489 1003 1578 duo,
1024 1520 1106 1595 quae
1127 1514 1216 1568 extra

107 1606 112 1617 '
278 1622 416 1673 murum
429 1594 471 1669 ad
483 1615 615 1701 portum
629 1589 793 1681 ferebant,
816 1600 972 1670 maximis
988 1593 1105 1671 defixis
1119 1598 1216 1711 trabig

276 1693 818 1801 busatqueeispmeacutis,praes
853 1705 887 1773 ir
915 1703 1217 1798 Hisparatisrebus,

277 1802 401 1883 milites
416 1799 545 1877 filiatio
558 1828 657 1875 naues
675 1725 896 1880 condendis
914 1804 1022 1893 iubet5
1044 1802 1231 1905 expeditos·

276 1926 387 1982 autem
402 1931 442 1981 ex
455 1911 595 1980 euocatis
611 1902 777 2004 sagittariis
790 1901 1073 2008 funditoribusque
1081 1934 1168 1985 raros
1178 1915 1218 1983 in

277 2004 749 2111 muroturribusqrtedilpcnit
775 2015 850 2084 Hos
859 2030 948 2082 certo
956 2008 1051 2108 tigno
1060 2038 1216 2086 reuocare

277 2112 457 2204 constituit,
467 2137 569 2213 quum
578 2113 825 2189 omnesmilites
833 2109 1214 2205 navascouscenditlent3
1286 2144 1293 2151 ·

124 2257 129 2261 ·
277 2237 373 2323 atque
388 2222 429 2291 iis
444 2242 483 2290 ex
508 2214 596 2292 edito
608 2217 688 2292 loco
699 2220 838 2293 adluaria
854 2222 982 2319 nauigia
998 2218 1162 2320 relinquit
1189 2290 1193 2299 .

126 2335 267 2419 xxvm
349 2319 469 2395 ltmnd·
499 2326 552 2407 ui,
585 2325 866 2423 Pompeianorum
900 2320 1048 2395 militum
1083 2328 1232 2396 iniuriis

174 2422 179 2431 ¹
278 2446 374 2527 atque
393 2421 492 2525 ipsius
512 2429 662 2523 Pompeii
683 2423 891 2501 contumeliis
915 2431 1080 2525 permoti,
1102 2423 1215 2500 Caesa·

275 2524 1216 2709 tilii?'iiltbril‘ttliitltlitiis&

275 2742 331 2823 tis,
347 2733 447 2835 vulgo
463 2760 503 2806 ex
518 2735 607 2807 tediis
617 2659 933 2836 fignificabantiper
951 2761 1033 2838 quos
1048 2761 1084 2808 re
1098 2660 1214 2835 cogbi·
1229 2724 1233 2731 ¹

275 2862 331 2925 ta,
361 2833 478 2913 Caesar
505 2832 600 2911 scalas
626 2844 732 2938 parari
762 2839 950 2941 militesque
971 2846 1090 2913 armari
1111 2842 1232 2927 iubet,-

274 2971 320 3019 rse
340 2969 438 3042 quam
460 2946 507 3015 rei
527 2938 687 3040 gerendae
706 2936 891 3018 facultatem
912 2941 1063 3033 dimittat.
1114 2948 1212 3017 l'om·

273 3053 368 3148 peius
383 3041 440 3118 sub
455 3046 700 3119 nodlem‘naues
714 3042 819 3120 soluit.
873 3050 937 3145 Qi
953 3066 1043 3120 erant
1061 3052 1097 3119 in
1111 3072 1231 3121 muro·

274 3147 442 3225 custodiae
458 3143 560 3224 cauffa
579 3150 751 3244 collocati,
770 3176 812 3223 eo
834 3144 949 3250 signo,
976 3147 1067 3249 quod
1090 3176 1213 3224 corrue·

274 3272 384 3339 uerat,
402 3273 613 3339 reuocentur,
634 3258 784 3351 uotisque
798 3255 965 3327 itineribus
986 3252 1026 3327 ad
1042 3280 1140 3326 naues
1154 3252 1210 3327 de·

274 3377 418 3430 currunt
468 3356 604 3441 Milites,
620 3352 732 3454 politis
743 3353 845 3442 scalis,
867 3382 980 3432 muros
993 3354 1234 3447 adscendunty
1282 3356 1284 3361 ’

50 3543 55 3550 ,
183 3462 187 3467 ’
273 3454 332 3537 led
346 3464 469 3533 moniti
483 3489 501 3533 a
517 3456 736 3548 Brundilinis,
760 3460 932 3538 vtvallum
946 3487 1083 3537 caecum
1098 3455 1209 3535 fotiss-

1144 3590 1210 3667 que

316 3740 496 3831 inaedificat.
537 3751 597 3810 vid.
619 3752 681 3812 ind.
799 3764 921 3814 ratcttm.
964 3750 1023 3812 vid.
1047 3754 1108 3812 ind.
1150 3754 1209 3813 Sed

315 3831 446 3915 deperdito
460 3829 526 3902 loto,
570 3857 662 3913 equo
682 3838 724 3896 sa·
757 3832 868 3895 vallum
894 3855 964 3911 puto
995 3840 1110 3898 abufiue
1134 3840 1207 3897 dici:

275 3922 349 3991 cite,
369 3921 428 3980 fine
447 3921 612 3980 difficultate
629 3942 659 3981 er
674 3944 724 4000 pc·
756 3924 796 3979 est
821 3924 901 3980 enim
918 3922 1003 3992 folia,
1024 3944 1103 4000 poue
1121 3945 1209 4002 quana

187 4040 192 4049 ·
274 4009 369 4070 riculo
382 4007 526 4069 discedere
540 4007 661 4082 patiens.
755 4004 865 4082 stipites
893 4006 979 4068 defixi
1008 4009 1100 4071 erant.
1146 4010 1206 4070 tiu.
1257 4008 1261 4017 '

1115 4115 1141 4153 a.
1156 4115 1205 4169 ²7·
