2754 4530
138 209 141 219 ’
263 254 340 359 ,³⁹⁰
476 226 563 311 on'
594 190 763 317 tarto
814 236 979 350 ctvrnr

261 430 466 505 Patientiam
484 431 641 526 proponit
658 420 770 511 snam,
809 450 914 524 qutun
940 418 985 496 de
1008 424 1204 498 enercitibur

269 524 480 608 dimittendia
503 528 591 602 vitro
622 524 858 628 postulauilsct3
886 533 924 603 in
953 550 1022 629 quo
1046 530 1207 601 iatlurarn

217 624 223 632 ’
267 633 436 734 dignitatis
449 654 545 737 atque
559 636 699 706 honoris
718 628 788 733 ipse
806 624 952 707 sanarat
970 626 1055 703 esset
1107 634 1206 703 Acer·

193 820 199 831 ,
245 739 404 813 uiuam
423 743 643 813 inimicorum
662 732 778 821 docet,
817 741 891 835 qui,
930 732 1021 836 quod
1043 733 1082 807 ab
1098 733 1207 809 'altero

266 840 488 944 palladium,
519 847 556 915 In
584 835 619 915 se
641 834 843 924 recusarent,
869 858 965 940 atque
991 843 1104 911 omnia
1118 864 1121 869 ⁴
1135 862 1207 937 pee-

169 1000 174 1011 .
272 941 405 1027 misceri
421 942 577 1030 mallent,
597 970 697 1045 quem
719 948 898 1041 imperium
920 949 1140 1042 exercitioque
1159 936 1209 1013 di·
1230 954 1235 971 ¹

263 1054 413 1131 mittere.
465 1052 626 1122 Iniuriam
641 1053 678 1120 in
693 1044 869 1144 eripiendis
883 1038 1070 1145 legionibur
1087 1039 1211 1143 praedi·
1264 1080 1267 1091 ·
1361 1062 1362 1099 ³

266 1173 345 1227 cat:
370 1146 597 1227 crudelitatem
612 1168 644 1222 et
659 1147 870 1224 insolentiam
892 1155 928 1223 in
943 1143 1210 1223 circumscriben-

267 1253 326 1329 dis
340 1258 478 1329 tribunis
494 1255 612 1353 plebis,
635 1251 844 1329 conditiones
860 1280 880 1327 a
902 1247 933 1324 se
946 1251 1044 1337 latas,
1067 1273 1100 1323 et
1118 1275 1212 1350 expe·

264 1366 335 1437 ‚titt
349 1358 519 1457 eolloq'uia'
531 1378 564 1430 et
576 1355 743 1457 denegata,
758 1370 1012 1445 commemorat.
1064 1358 1130 1428 Pro
1143 1359 1212 1454 qui·

196 1536 199 1541 ,
234 1486 237 1489 ·
274 1462 336 1537 bus
355 1463 448 1533 rebus
458 1480 531 1552 urat
546 1488 583 1533 ae
598 1459 756 1560 postulat,
773 1458 1018 1560 rempublicam
1031 1453 1214 1558 suscipiant,

277 1583 373 1663 atque
395 1591 458 1638 vna
480 1561 591 1644 secum
615 1561 855 1641 administrente
896 1561 948 1637 fin
973 1569 1093 1637 timore
1120 1555 1213 1633 desu-

277 1674 384 1766 girant,
408 1666 474 1741 illis
491 1661 523 1741 se
538 1672 633 1739 oneri
646 1692 717 1740 non
730 1658 896 1751 sut'urum',
919 1687 951 1740 et
961 1692 1020 1764 per
1035 1661 1068 1738 se
1082 1690 1214 1765 rempu-

184 1864 187 1869 ‚
278 1769 401 1845 blicam
424 1767 733 1847 administraturum.
795 1776 931 1870 Legatos
951 1766 992 1844 ad
1014 1773 1213 1867 Pompeium

225 1944 228 1953 ,
267 1870 320 1945 'de
333 1869 575 1973 compositione
591 1880 676 1948 mitti
691 1893 862 1973 oportere:
888 1899 997 1974 neque
1018 1866 1050 1943 se
1063 1869 1215 1959 reformi-

280 1973 369 2061 dare,
392 1975 482 2077 quod
497 1981 532 2047 in
546 1971 655 2051 senatu
670 1976 782 2077 paullo
799 1998 872 2050 ante
885 1981 1063 2077 Pompeius
1077 1970 1215 2061 dixisset,

280 2077 321 2156 ad
336 2105 418 2183 quos
431 2080 530 2177 legati
550 2086 764 2167 mitterentur,
780 2086 818 2153 iit
834 2082 1057 2154 nodositatem
1073 2082 1230 2171 attribui„

177 2188 201 2261 ’,
281 2191 503 2287 timoremque
516 2210 650 2269 eorum,
673 2178 726 2285 qui
745 2190 928 2269 mitterent,
952 2180 1147 2282 significari:
1171 2203 1217 2258 te·

280 2294 354 2363 t'tuis
369 2309 463 2387 atque
482 2286 607 2359 infirmi
629 2291 711 2361 haec
731 2294 836 2363 animi
857 2285 979 2360 videri:
1002 2283 1033 2359 se
1060 2313 1156 2372 vero.
1180 2306 1218 2359 vt

280 2386 433 2489 operib'tu
453 2396 575 2463 attteire
597 2390 770 2478 studuerit,
797 2388 843 2465 fic
864 2390 982 2467 iustitia
1000 2376 1037 2464 let
1059 2396 1218 2492 aequitate

279 2495 364 2571 velle
387 2490 543 2592 superare.
621 2499 625 2506 “
668 2546 678 2565 ,

141 2623 273 2701 XXXIII
355 2620 473 2694 Probat
492 2647 572 2694 rem.
589 2615 713 2693 lenanu
738 2615 781 2691 de
801 2618 966 2705 mittendis
992 2622 1125 2720 legati83
1151 2615 1219 2705 sed,

137 2726 143 2743 '
283 2729 338 2824 qui
362 2729 585 2802 mitterentur.
622 2748 693 2798 non
717 2726 985 2823 reperiebanture.
1008 2731 1220 2825 maximeque

244 2850 252 2859 ·
282 2833 413 2909 timorit
427 2821 529 2903 mulsa
553 2822 829 2945 proloquiique
848 2825 883 2913 id
906 2854 1028 2904 munus
1046 2829 1218 2930 legationis

1130 2956 1220 3005 reen-

327 3115 405 3180 ultra
415 3109 600 3203 postuinnfft
618 3110 651 3175 in·
671 3118 736 3179 lite·
769 3111 960 3198 dafhrnmm:
1001 3119 1067 3187 ersi,
1095 3136 1159 3177 vna
1186 3116 1221 3176 lit

285 3204 343 3269 ris,
366 3200 401 3262 de
425 3205 529 3281 quibus
552 3218 576 3260 c.
596 3224 623 3261 r.
646 3220 678 3261 et
698 3202 735 3261 de
769 3207 923 3267 acaelaris
939 3224 1142 3271 manu-nemo
1160 3223 1221 3265 cet·
1281 3266 1291 3274 ,

165 3309 171 3324 ·
283 3284 484 3355 &Qum
769 3290 928 3350 mffim.

328 3370 394 3451 erip.
409 3365 568 3454 Igiom'but.
591 3372 736 3446 (is-8254·
812 3370 944 3456 operibus,
965 3379 1050 3435 rebus
1066 3374 1167 3453 gellis,
1187 3390 1222 3431 ut

287 3453 463 3517 Praedicare
481 3461 520 3517 est
543 3477 674 3526 narrare,
704 3476 738 3518 vt
770 3461 835 3520 Liu.
861 3482 886 3529 r,
908 3466 944 3522 16
961 3480 1052 3536 ¹opera
1074 3462 1221 3541 immorta-

286 3544 319 3602 Β.
336 3543 372 3603 G·
392 3564 422 3610 4,
441 3562 486 3614 34-
770 3548 808 3604 li'a
824 3548 903 3606 dixit.
947 3549 1047 3607 Altera
1060 3542 1223 3625 lestinopi-

330 3620 486 3705 cirntmscr.
502 3620 625 3687 tribunis
638 3621 737 3709 Plebis.
770 3626 830 3705 bus,
853 3651 882 3691 et
896 3634 928 3691 in
944 3632 1042 3708 paucis
1062 3633 1222 3698 codicibus,

176 3730 179 3735 ·
288 3711 347 3769 vid.
374 3731 398 3767 c.
419 3730 444 3780 ς.
762 3720 1054 3792 -nataecompendi‘o
1068 3718 1222 3784 scribendi,

332 3789 426 3872 illitse
436 3794 514 3853 errari
527 3794 738 3874 transennam.
771 3818 805 3857 vt
822 3804 1050 3878 Oudendorpins
1065 3804 1156 3868 uidit,
1177 3820 1224 3860 re·

254 3916 258 3921 ·
289 3884 361 3944 Non
376 3881 548 3961 negligenda
566 3883 604 3936 est
618 3884 739 3941 aliorum
770 3886 898 3958 petitur,
917 3906 948 3949 et
968 3908 1069 3965 parum
1093 3906 1223 3947 commo·

290 3966 483 4029 eoddletlio:
505 3958 739 4044 illiftonerinorr
772 3966 808 4027 da
820 3972 869 4030 est.
935 4028 940 4037 ,
1034 4054 1040 4061 ι
